@article{sipe_second-order_2000,
	title = {Second-order optical response in semiconductors},
	volume = {61},
	number = {8},
	urldate = {2012-10-02},
	journal = {Physical Review B},
	author = {Sipe, J. E. and Shkrebtii, A. I.},
	year = {2000},
	pages = {5337},
}